@article{filan2021clusterability,
  title={Clusterability in Neural Networks},
  author={Filan, Daniel and Casper, Stephen and Hod, Shlomi and Wild, Cody and Critch, Andrew and Russell, Stuart},
  journal={arXiv preprint arXiv:2103.03386},
  year={2021}
}

@inproceedings{cundy2018exploring,
  title={Exploring Hierarchy-Aware Inverse Reinforcement Learning},
  author={Cundy, Chris and Filan, Daniel},
  booktitle={1st Workshop on Goal Specifications for Reinforcement Learning (GoalsRL)},
  year={2018},
  note={arxiv:1807.05037}
}

@misc{agentmodels,
  title = {{Modeling Agents with Probabilistic Programs}},
  author = {Evans, Owain and Stuhlm\"{u}ller, Andreas and Salvatier, John and Filan, Daniel},
  year = {2017},
  howpublished = {\url{http://agentmodels.org}},
  note = {Accessed: INSERT DATE HERE}
}

@inproceedings{filan2016loss,
  title={Loss Bounds and Time Complexity for Speed Priors},
  author={Filan, Daniel and Leike, Jan and Hutter, Marcus},
  booktitle={Proceedings of the 19th International Conference on Artificial Intelligence and Statistics},
  pages={1394--1402},
  year={2016}
}

@inproceedings{everitt2016self,
  title={Self-Modification of Policy and Utility Function in Rational Agents},
  author={Everitt, Tom and Filan, Daniel and Daswani, Mayank and Hutter, Marcus},
  booktitle={International Conference on Artificial General Intelligence},
  pages={1--11},
  year={2016},
  organization={Springer}
}